Untuk setiap referensi, baris pertama (newton1687) merupakan label dan baris-baris berikutnya
merupakan atribut dari referensi yang akan digunakan. Umumnya, format referensi berikut sudah
disediakan oleh penyedia sumber referensi secara online dan bisa langsung ditaruh di sini.

Lihat https://www.bibtex.com/g/bibtex-format/ untuk informasi lebih lanjut mengenai format
BibTex yang digunakan pada file ini.

@unpublished{chen2025lazy,
  author    = {Qinghan Chen and Muhammad Haekal Muhyidin Al-Araby and Ziyue Qiu and Zhuofan Chen and Rashmi Vinayak and Juncheng Yang},
  title     = {Demystifying and Improving Lazy Promotion in Cache Eviction [Experiment, Analysis \& Benchmark]},
  note      = {Manuscript submitted for publication},
  year      = {2025}
}
